@inproceedings{Verh19b,
    title = {Migration de GWT vers Angular~6 en utilisant l'IDM},
    author = {Verhaeghe, Beno{\^\i}t and Etien, Anne and Ducasse, St\'ephane and Seriai, Abderrahmane and Deruelle, Laurent and Derras, Mustapha},
    year = {2019},
    booktitle = {8ème Conférence en IngénieriE du Logiciel},
    ADDRESS = {Toulouse, France},
}

@inproceedings{Verh19c,
    title = {Migrating GWT to Angular~6 using MDE},
    author = {Verhaeghe, Beno{\^\i}t and Anquetil, Nicolas and Ducasse, St\'ephane and Seriai, Abderrahmane and Deruelle, Laurent and Derras, Mustapha},
    year = {2019},
    booktitle = {Seminar Series on Advanced Techniques \& Tools for Software Evolution (SATTOSE'19)},
    ADDRESS = {Bolzano, Italia}
}

@inproceedings{Verh19d,
    title = {Switching of GUI framework: the case from {Spec} to {Spec}~2},
    author = {Dutriez, Clement and Verhaeghe, Beno{\^\i}t and Derras, Mustapha},
    booktitle = {International Workshop on Smalltalk Technologies (IWST'19)},
    year = {2019},
    ADDRESS = {Cologne, Germany}
}

@inproceedings{Verh19e,
    title = {Migrating GUI Layout: the GWT to Angular case study},
    author = {Verhaeghe, Beno{\^\i}t and Anquetil, Nicolas and Etien, Anne and Ducasse, St\'ephane and Seriai, Abderrahmane and Deruelle, Laurent and Derras, Mustapha},
    year = {2019},
    Booktitle = {19th IEEE International Working Conference on Source Code Analysis and Manipulation (SCAM'19)},
    ADDRESS = {Cleveland, OH, USA}
}